<record xmlns="http://www.loc.gov/MARC21/slim" xmlns:xsi="http://www.w3.org/2001/XMLSchema-instance" xsi:schemaLocation="http://www.loc.gov/MARC21/slim http://www.loc.gov/standards/marcxml/schema/MARC21slim.xsd"><leader>     nam a22        4500</leader><controlfield tag="001">3076906</controlfield><controlfield tag="003">NNC</controlfield><controlfield tag="006">m        d        </controlfield><controlfield tag="007">cr cn |||m|||a</controlfield><controlfield tag="008">150316s1965    ua      ob    000 0 ara d</controlfield><datafield ind1=" " ind2=" " tag="040"><subfield code="a">NNU</subfield><subfield code="b">eng</subfield><subfield code="c">NNU</subfield></datafield><datafield ind1=" " ind2=" " tag="043"><subfield code="a">a-iq---</subfield></datafield><datafield ind1=" " ind2="4" tag="050"><subfield code="a">PJ8040</subfield><subfield code="b">.W3</subfield></datafield><datafield ind1="1" ind2=" " tag="100"><subfield code="6">880-01</subfield><subfield code="a">Wa&#772;&#700;ili&#772;, Ibra&#772;hi&#772;m.</subfield></datafield><datafield ind1="1" ind2="0" tag="245"><subfield code="6">880-02</subfield><subfield code="a">Lughat al-shi&#699;r al-&#699;Ira&#772;qi&#772; fi&#772; al-qarn al-ta&#772;si&#699; &#699;ashar</subfield><subfield code="h">[electronic resource] /</subfield><subfield code="c">bi-qalam Ibra&#772;hi&#772;m al-Wa&#772;&#700;ili&#772;.</subfield></datafield><datafield ind1=" " ind2=" " tag="260"><subfield code="6">880-03</subfield><subfield code="a">Baghda&#772;d :</subfield><subfield code="b">Mat&#803;ba&#699;at al-Irsha&#772;d,</subfield><subfield code="c">1965.</subfield></datafield><datafield ind1=" " ind2=" " tag="300"><subfield code="a">online resource (24 p.)</subfield></datafield><datafield ind1=" " ind2=" " tag="500"><subfield code="a">Part of the Arabic Collections Online (ACO) project, contributed by Columbia University Libraries.</subfield></datafield><datafield ind1=" " ind2=" " tag="504"><subfield code="a">Includes bibliographical references (p. [25]).</subfield></datafield><datafield ind1=" " ind2=" " tag="533"><subfield code="a">Electronic reproduction.</subfield><subfield code="b">New York, N.Y. :</subfield><subfield code="c">New York University,</subfield><subfield code="d">2015.</subfield><subfield code="5">NNU</subfield></datafield><datafield ind1=" " ind2="0" tag="650"><subfield code="a">Arabic poetry</subfield><subfield code="z">Iraq</subfield><subfield code="x">History and criticism.</subfield></datafield><datafield ind1=" " ind2="7" tag="650"><subfield code="a">Arabic poetry.</subfield><subfield code="2">fast</subfield><subfield code="0">(OCoLC)fst00812533</subfield></datafield><datafield ind1=" " ind2="7" tag="651"><subfield code="a">Iraq.</subfield><subfield code="2">fast</subfield><subfield code="0">(OCoLC)fst01205757</subfield></datafield><datafield ind1=" " ind2="7" tag="655"><subfield code="a">Criticism, interpretation, etc.</subfield><subfield code="2">fast</subfield><subfield code="0">(OCoLC)fst01411635</subfield></datafield><datafield ind1="2" ind2=" " tag="710"><subfield code="a">Columbia University.</subfield><subfield code="b">Libraries.</subfield></datafield><datafield ind1="0" ind2=" " tag="730"><subfield code="a">Arabic Collections Online.</subfield></datafield><datafield ind1=" " ind2=" " tag="752"><subfield code="a">Egypt</subfield><subfield code="d">Cairo.</subfield></datafield><datafield ind1="0" ind2="8" tag="776"><subfield code="i">Online version:</subfield><subfield code="a">Wa&#772;&#700;ili&#772;, Ibra&#772;hi&#772;m.</subfield><subfield code="t">Lughat al-shi&#699;r al-&#699;Ira&#772;qi&#772; fi&#772; al-qarn al-ta&#772;si&#699; &#699;ashar.</subfield><subfield code="d">Baghda&#772;d : Mat&#803;ba&#699;at al-Irsha&#772;d, 1965</subfield><subfield code="w">(OCoLC)583289133</subfield></datafield><datafield ind1="0" ind2="8" tag="776"><subfield code="i">Online version:</subfield><subfield code="a">Wa&#772;&#700;ili&#772;, Ibra&#772;hi&#772;m.</subfield><subfield code="t">Lughat al-shi&#699;r al-&#699;Ira&#772;qi&#772; fi&#772; al-qarn al-ta&#772;si&#699; &#699;ashar.</subfield><subfield code="d">Baghda&#772;d : Mat&#803;ba&#699;at al-Irsha&#772;d, 1965</subfield><subfield code="w">(OCoLC)607849321</subfield></datafield><datafield ind1="0" ind2="8" tag="776"><subfield code="i">Print version:</subfield><subfield code="a">Wa&#772;&#700;ili&#772;, Ibra&#772;hi&#772;m.</subfield><subfield code="t">Lughat al-shi&#699;r al-&#699;Ira&#772;qi&#772; fi&#772; al-qarn al-ta&#772;si&#699; &#699;ashar</subfield><subfield code="w">(NNC)3076906</subfield><subfield code="w">(OCoLC)40818746</subfield></datafield><datafield ind1="4" ind2="0" tag="856"><subfield code="u">http://hdl.handle.net/2333.1/cc2fr1hr</subfield></datafield><datafield ind1="1" ind2=" " tag="880"><subfield code="6">100-01/r</subfield><subfield code="a">&#1608;&#1575;&#1574;&#1604;&#1610;&#1548; &#1575;&#1576;&#1585;&#1575;&#1607;&#1610;&#1605;.</subfield></datafield><datafield ind1="1" ind2="0" tag="880"><subfield code="6">245-02/r</subfield><subfield code="a">&#1604;&#1594;&#1577; &#1575;&#1604;&#1588;&#1593;&#1585; &#1575;&#1604;&#1593;&#1585;&#1575;&#1602;&#1610; &#1601;&#1610; &#1575;&#1604;&#1602;&#1585;&#1606; &#1575;&#1604;&#1578;&#1575;&#1587;&#1593; &#1593;&#1588;&#1585; /</subfield><subfield code="c">&#1576;&#1602;&#1604;&#1605; &#1575;&#1576;&#1585;&#1575;&#1607;&#1610;&#1605; &#1575;&#1604;&#1608;&#1575;&#1574;&#1604;&#1610;.</subfield></datafield><datafield ind1=" " ind2=" " tag="880"><subfield code="6">260-03/r</subfield><subfield code="a">&#1576;&#1594;&#1583;&#1575;&#1583; :</subfield><subfield code="b">&#1605;&#1591;&#1576;&#1593;&#1577; &#1575;&#1604;&#1575;&#1585;&#1588;&#1575;&#1583;&#1548;</subfield><subfield code="c">&#1633;&#1641;&#1638;&#1637;.</subfield></datafield><datafield ind1=" " ind2=" " tag="959"><subfield code="a">NNU</subfield><subfield code="b">WEB</subfield><subfield code="c">GENI</subfield><subfield code="t">0</subfield><subfield code="m">Electronic access</subfield><subfield code="s">01</subfield></datafield><datafield ind1=" " ind2=" " tag="999"><subfield code="i">NNC_3076906</subfield><subfield code="o">(OCoLC)ocm40818746 </subfield><subfield code="s">columbia_aco000261</subfield></datafield></record>